<record><leader>00000cas a22000007a 4500</leader><controlfield tag="001">14576591</controlfield><controlfield tag="008">861030d19uu1946inuwr ne      0    0eng d</controlfield><datafield ind1=" " ind2=" " tag="010"><subfield code="a">sn 86058883 </subfield></datafield><datafield ind1=" " ind2=" " tag="040"><subfield code="a">NPI</subfield><subfield code="b">eng</subfield><subfield code="c">NPI</subfield><subfield code="d">OCLCQ</subfield></datafield><datafield ind1=" " ind2=" " tag="042"><subfield code="a">msc</subfield></datafield><datafield ind1="0" ind2=" " tag="130"><subfield code="a">Owen County Democrat (Spencer, Ind.)</subfield></datafield><datafield ind1="1" ind2="0" tag="245"><subfield code="a">Owen County Democrat.</subfield></datafield><datafield ind1=" " ind2=" " tag="260"><subfield code="a">Spencer, Ind. :</subfield><subfield code="b">Geo. R. Griffin</subfield></datafield><datafield ind1=" " ind2=" " tag="300"><subfield code="a">v. :</subfield><subfield code="b">ill.</subfield></datafield><datafield ind1=" " ind2=" " tag="310"><subfield code="a">Weekly</subfield></datafield><datafield ind1=" " ind2=" " tag="588"><subfield code="a">Description based on: Vol. 26, no. 8 (Feb. 20, 1902).</subfield></datafield><datafield ind1=" " ind2=" " tag="752"><subfield code="a">United States</subfield><subfield code="b">Indiana</subfield><subfield code="c">Owen</subfield><subfield code="d">Spencer.</subfield></datafield><datafield ind1="0" ind2="0" tag="780"><subfield code="t">Democrat (Spencer, Ind.)</subfield><subfield code="w">(DLC)sn 86058940</subfield></datafield></record>